@article{omar2013risk,
  title={Risk factors for developing hepatocellular carcinoma in Egypt},
  author={Omar, Ashraf and Abou-Alfa, Ghassan K and Khairy, Ahmed and Omar, Heba},
  journal={Chinese clinical oncology},
  volume={2},
  number={4},
  year={2013}
}
@article{wang2019clinical,
  title={Clinical characteristics and prognosis of 2887 patients with hepatocellular carcinoma: A single center 14 years experience from China},
  author={Wang, Chun-yan and Li, Shengmian},
  journal={Medicine},
  volume={98},
  number={4},
  year={2019},
  publisher={Wolters Kluwer Health}
}